<?xml version="1.0" encoding="UTF-8"?><collection xmlns="http://www.loc.gov/MARC21/slim"><record><leader>00463nam--2200133-i-4500</leader><controlfield tag="001">000039879</controlfield><controlfield tag="002">20161230</controlfield><controlfield tag="005">20161230201042</controlfield><controlfield tag="008">060222s1000------------r-----000-0-eng-d</controlfield><datafield ind1=" " ind2=" " tag="080"><subfield code="a">539.12.164.178(043)</subfield></datafield><datafield ind1=" " ind2=" " tag="100"><subfield code="a">Roux, Bruno</subfield></datafield><datafield ind1=" " ind2=" " tag="245"><subfield code="a">Contribution a l`etude et a la realisation du spectrometre magnetique de 0,9 gev/c de grenoble: les multipoles de la voie spectrometrique. these</subfield></datafield><datafield ind1=" " ind2=" " tag="260"><subfield code="a">Grenoble, Univ.Scientifique Et Medicale, 1973, 74p</subfield></datafield><datafield ind1=" " ind2=" " tag="852"><subfield code="a">42139</subfield></datafield></record></collection>